<?xml version="1.0" encoding="UTF-8"?>
<collection xmlns:xsi="http://www.w3.org/2001/XMLSchema-instance" xsi:schemaLocation="http://www.loc.gov/MARC21/slim http://www.loc.gov/standards/marcxml/schema/MARC21slim.xsd" xmlns="http://www.loc.gov/MARC21/slim">
<record>
  <leader>00716cam a22001931  4500</leader>
  <controlfield tag="001">3063204</controlfield>
  <controlfield tag="003">NNC</controlfield>
  <controlfield tag="005">20130426014922.0</controlfield>
  <controlfield tag="008">010810s1910    ua            000 0 ara d</controlfield>
  <datafield tag="035" ind1=" " ind2=" ">
    <subfield code="a">(OCoLC)ocm47755212</subfield>
  </datafield>
  <datafield tag="035" ind1=" " ind2=" ">
    <subfield code="9">ATN4999CU</subfield>
  </datafield>
  <datafield tag="035" ind1=" " ind2=" ">
    <subfield code="a">(NNC)3063204</subfield>
  </datafield>
  <datafield tag="040" ind1=" " ind2=" ">
    <subfield code="a">ZCU</subfield>
    <subfield code="c">ZCU</subfield>
  </datafield>
  <datafield tag="099" ind1=" " ind2=" ">
    <subfield code="a">893.799</subfield>
    <subfield code="a">N1733</subfield>
  </datafield>
  <datafield tag="100" ind1="0" ind2=" ">
    <subfield code="a">Muʻīn al-Dīn Farāhī,</subfield>
    <subfield code="d">-1501 or 1502.</subfield>
  </datafield>
  <datafield tag="245" ind1="1" ind2="0">
    <subfield code="a">Sharḥ al-ʻallāmah Muʻin-al-Dīn al-Harawī al-maʻrūf bi al-Miskīn ʻalā Kanz al-daqāʾiq fī furūʻ al-Ḥanafīyah li Abī-al-Barakāt ʻAbd-Allāh ibn Aḥmad al-Nasafī.</subfield>
  </datafield>
  <datafield tag="260" ind1=" " ind2=" ">
    <subfield code="a">[al-Qāhirah]</subfield>
    <subfield code="b">al-Maṭbaʻah al-Ḥusaynīyah al-Miṣrīyah,</subfield>
    <subfield code="c">1328 h. [1910]</subfield>
  </datafield>
  <datafield tag="300" ind1=" " ind2=" ">
    <subfield code="a">340 p.</subfield>
  </datafield>
  <datafield tag="955" ind1=" " ind2=" ">
    <subfield code="b">CU58846131</subfield>
    <subfield code="d">off,glx</subfield>
    <subfield code="e">893.799 N1733</subfield>
  </datafield>
</record>
</collection>